@misc{DocuShare-cite,
  author = "Xerox",
  title  = "DocuShare Enterprise Content Management Platform",
  url    = {https://www.xerox.com/en-us/services/enterprise-content-management/docushare},
  year   = "2021",
  month  = "Feb",
  note   = "Accessed: 2021-06-06" }

@DocuShare{Document-36788,
   author = "Robert McKercher",
    title = "DocuShare Options Trade Study",
     year = "2020",
     month = "Dec",
   handle = {Document-36788},
      url = {https://docushare.lsst.org/docushare/dsweb/Get/Document-36788} }

@DocuShare{lsst.io-cite,
  author = "{SQuaRE Team}",
  title  = "Vera Rubin Observatory Technical Documentation Hub",
  url    = {https://www.lsst.io/},
  year   = "2017",
  month  = "Mar",
  note   = "Accessed: 2021-06-06" }

@misc{Algolia-cite,
  author = "Algolia",
  title  = "The flexible AI-powered Search \& Discovery platform",
  year   = "2021",
  url    = {https://www.algolia.com/},
  note   = "Accessed: 2021-06-06" }

@misc{SaaS-cite,
  author = "Algolia",
  year   = "2021",
  title  = "{SaaS}: Secure \& reliable search that scales with your business",
  url    = {https://www.algolia.com/solutions/saas/},
  note   = "Accessed: 2021-06-06" }

@misc{Sphinx-cite,
  author = "Sphinx",
  title  = "Sphinx Python Documentation Generator",
  url    = {https://www.sphinx-doc.org/},
  note   = "Accessed: 2021-06-06" }

@misc{GitHub-cite,
  author = "GitHub",
  title  = "Where the world builds software",
  url    = {https://www.github.org/},
  note   = "Accessed: 2021-06-06" }


@misc{Confluence-cite,
  author = "Atlassian",
  title  = "Confluence: Your Remote-Friendly Team Workspace",
  year   = "2021",
  url    = {https://www.atlassian.com/software/confluence},
  note   = "Accessed: 2021-06-06" }

@misc{PDM-cite,
  author = "Solidworks",
  title  = "{Solidworks PDM}",
  url    = {https://www.solidworks.com/product/solidworks-pdm},
  year   = "2021",
  month  = jun,
  note   = "Accessed: 2021-06-06" }

@misc{MagicDraw-cite,
  author = "{No Magic, Inc.}",
  title  = "MagicDraw",
  url    = {https://www.3ds.com/products-services/catia/products/no-magic/magicdraw/},
  note   = "Accessed: 2021-06-06" }

@misc{JIRA-cite,
  author = "Atlassian",
  title  = "Jira: Issue \& Project Tracking Software",
  year   = "2021",
  url    = {https://www.atlassian.com/software/jira},
  note   = "Accessed: 2021-06-06" }
